@Book{wzw,
    author =    {Michel Foucault},
    title =     {Der Wille zum Wissen},
    subtitle =  {Sexualität und Wahrheit I},
    publisher = {Suhrkamp},
    location =  {Frankfurt am Main},
    year =      {1977},
}

@Book{stb,
    author =    {Michel Foucault},
    title =     {Sicherheit, Territorium, Bevölkerung},
    subtitle =  {Geschichte der Gouvernementalität I. Vorlesung am Collège de France 1977-1978},
    publisher = {Suhrkamp},
    location =  {Frankfurt am Main},
    year =      {2006},
    sorttitle = {a},
    shorthand = {STB},
}

@Book{gbp,
    author =    {Michel Foucault},
    title =     {Die Geburt der Biopolitik},
    subtitle =  {Geschichte der Gouvernementalität II. Vorlesung am Collège de France 1978-1979},
    publisher = {Suhrkamp},
    location =  {Frankfurt am Main},
    year =      {2006},
    sorttitle = {b},
    shorthand = {GBP},
}

@Book{dfouc,
    author =    {Gilles Deleuze},
    title =     {Foucault},
    publisher = {Suhrkamp},
    location =  {Frankfurt am Main},
    year =      {1992},
}

@Book{ao,
    author =    {Gilles Deleuze and Félix Guattari},
    title =     {Anti-Ödipus},
    subtitle =  {Kapitalismus und Schizophrenie I},
    publisher = {Suhrkamp},
    location =  {Frankfurt am Main},
    year =      {1974},
    shorthand = {AÖ},
}
@InBook{ps,
    author =    {Gilles Deleuze},
    title =     {Postskriptum über die Kontrollgesellschaften},
    pages =     {254-262},
    booktitle = {Unterhandlungen},
    booksubtitle = {1972-1990},
    publisher = {Suhrkamp},
    location =  {Frankfurt am Main},
    year =      {1993},
    shorthand = {PS},
}

@InBook{schizg,
    author =    {Gilles Deleuze},
    title =     {Schizophrenie und Gesellschaft},
    pages =     {18-29},
    booktitle = {Schizophrenie und Gesellschaft},
    booksubtitle = {Texte und Gespräche 1975-1995},
    publisher = {Suhrkamp},
    location =  {Frankfurt am Main},
    year =      {2005},
    sorttitle = {b},
}

@InBook{zweisys,
    author =    {Gilles Deleuze},
    title =     {Zwei Systeme von Verrückten},
    pages =     {12-17},
    booktitle = {Schizophrenie und Gesellschaft},
    booksubtitle = {Texte und Gespräche 1975-1995},
    publisher = {Suhrkamp},
    location =  {Frankfurt am Main},
    year =      {2005},
    sorttitle = {a},
}

@InBook{wasdisp,
    author =    {Gilles Deleuze},
    title =     {Was ist ein Dispositiv?},
    pages =     {322-331},
    booktitle = {Schizophrenie und Gesellschaft},
    booksubtitle = {Texte und Gespräche 1975-1995},
    publisher = {Suhrkamp},
    location =  {Frankfurt am Main},
    year =      {2005},
    sorttitle = {c},
}

@Book{butler,
    author =    {Judith Butler},
    title =     {Psyche der Macht},
    subtitle =  {Das Subjekt der Unterwerfung},
    publisher = {Suhrkamp},
    location =  {Frankfurt am Main},
    year =      {2001},
}

@Book{kap,
    author =    {Karl Marx},
    title =     {Das Kapital. Bd. 1},
    titleaddon = {Marx Engels Werke, Bd. 23},
    translator = {{Institut für Mar\-xis\-mus-Le\-ni\-nis\-mus beim ZK der SED}},
    publisher = {Dietz},
    location =  {Berlin},
    year =      {1962},
    shorthand = {Kapital 1},
}

@Book{kap2,
    author =    {Karl Marx},
    title =     {Das Kapital. Bd. 2},
    titleaddon = {Marx Engels Werke, Bd. 24},
    translator = {{Institut für Mar\-xis\-mus-Le\-ni\-nis\-mus beim ZK der SED}},
    publisher = {Dietz},
    location =  {Berlin},
    year =      {1963},
    shorthand = {Kapital 2},
}

@Book{kap3,
    author =    {Karl Marx},
    title =     {Das Kapital. Bd. 3},
    titleaddon = {Marx Engels Werke, Bd. 25},
    translator = {{Institut für Mar\-xis\-mus-Le\-ni\-nis\-mus beim ZK der SED}},
    publisher = {Dietz},
    location =  {Berlin},
    year =      {1964},
}

@Book{grundr,
    author =    {Karl Marx},
    title =     {Grundrisse der Kritik der politischen Ökonomie},
    titleaddon = {Marx Engels Werke, Bd. 42},
    translator = {{Institut für Mar\-xis\-mus-Le\-ni\-nis\-mus beim ZK der SED}},
    publisher = {Dietz},
    location =  {Berlin},
    year =      {1983},
    shorthand = {Grundrisse},
}

@InBook{hdgg,
    author =    {Martin Heidegger},
    title =     {Nietzsches Wort \enquote{Gott ist tot}},
    pages =     {193-247},
    booktitle = {Holzwege},
    publisher = {Klostermann},
    location =  {Frankfurt am Main},
    year =      {1994},
}

@Book{dda,
    author =    {Max Horkheimer and Theodor W. Adorno},
    title =     {Dialektik der Aufklärung},
    subtitle =  {Philosophische Fragmente},
    publisher = {Fischer},
    location =  {Frankfurt am Main},
    year =      {1988},
}

@Book{min,
    author =    {Theodor W. Adorno},
    title =     {Minima Moralia},
    subtitle =  {Reflexionen aus dem beschädigten Leben},
    publisher = {Suhrkamp},
    location =  {Frankfurt am Main},
    year =      {2003},
}

@InCollection{strauss,
    author =    {Harald Strauß},
    title =     {\enquote{Humankapital}},
    pages =     {114-137},
    booktitle = {Virtualität und Kontrolle},
    editor =    {{Hans-Joachim Lenger} and Michaela Ott and Sarah Speck and Harald Strauß},
    publisher = {textem},
    location =  {Hamburg},
    year =      {2010},
}

@Book{reichelt,
    author =    {Helmut Reichelt},
    title =     {Zur logischen Struktur des Kapitalbegriffs bei Karl Marx},
    publisher = {ça ira},
    location =  {Freiburg},
    year =      {2001},
}

@InBook{psych,
    author =    {E.-R. Rey},
    title =     {Psychotische Störungen und Schizophrenie},
    pages =     {797-856},
    booktitle = {Klinische Psychologie \& Psychotherapie},
    editor =    {{Hans-Ulrich Wittchen} and {Jürgen Hoyer}},
    edition =   {2},
    publisher = {Springer},
    location =  {Berlin},
    year =      {2011},
}

@Book{emptyf,
    author =    {Bruno Bettelheim},
    title =     {Die Geburt des Selbst},
    subtitle =  {The Empty Fortress. Erfolgreiche Therapie autistischer Kinder},
    publisher = {Fischer},
    location =  {Frankfurt am Main},
    year =      {1983},
}

@Article{joey,
    author =    {Bruno Bettelheim},
    title =     {Joey: A \enquote{Mechanical Boy}},
    journaltitle = {Scientific American},
    issue =     {200},
    year =      {1959},
    url =       {http://www.weber.edu/wsuimages/psychology/FacultySites/Horvat/Joey.PDF},
    urldate =   {2014-01-10},
}


Article{bruce-case,
author =    {Steve Bruce},
title =     {Terrorism and Politics: The Case of Northern Ireland's Loyalist Paramilitaries},
journaltitle = {Terrorism and Political Violence},
volume =    {13},
issue =     {2},
year =      {2001},
}

InBook{bruce-hand,
author =    {Steve Bruce},
title =     {The Nature of Pro-State Terrorism},
booktitle = {The Red Hand},
booksubtitle = {Protestant Paramilitaries in Northern Ireland},
publisher = {Oxford University Press},
location =  {Oxford},
year =      {1992},
url =       {http://cain.ulst.ac.uk/issues/violence/bruce.htm},
urldate =   {2012-03-10},
}
